ISA*00*          *00*          *01*042064683      *30*592715634      *220311*0149*^*00501*000054045*0*P*:~
GS*HP*042064683*592715634*20220805*01494438*61197*X*005010X221A1~
ST*835*1736~
BPR*I*4000.00*C*ACH*CCP*01*123456789*DA*0000000000*1234567890**01*123456789*DA*12345678*20990080~
TRN*1*822070000341871*1066033492~
REF*EV*592715634~
DTM*405*20220805~
N1*PR*BCBS SC~
N3*PO BOX 995~
N4*BIRMINGHAM*AL*35298~
PER*BL*PROVIDER SERVICE~
N1*PE*SPRINGHILL MEMORIAL HOSPITAL*XX*1003814971~
N3*3719 DAUPHIN ST~
N4*MOBILE*AL*366081753~
REF*PQ*491292290~
REF*TJ*630784458~
LX*1~
TS3*1234567890*11*20221231*16*31682.4~
CLP*1234567-001*1*4199.68*4000.00*1201.68*13*EDY1X1D880000*13*1~
NM1*QC*1*KAUSIK*BAND****MI*W123456789~
NM1*82*2*SPRINGHILL MEMORIAL HOSPITAL*****XX*1003814971~
REF*1L*1234567-032-00001- U~
REF*CE*BCBS SC~
DTM*232*20220805~
DTM*233*20220805~
DTM*050*20220805~
PER*CX**TE*8886323862~
AMT*AU*4000.00~
SVC*HC:74176*4199.68*2998.00*0352*1~
DTM*472*20220805~
CAS*PR*1*1199.68**2*2*4~
REF*6R*8305424~
AMT*B6*1199.68~
SE*32*1736~
GE*1*61197~
IEA*1*000054045~