ISA*00* *00* *30*227777777 *14*577777777 *120530*1144*U*00401*000000001*0*P*~\
GS*RA*227777777*577777777*20120530*1144*1*X*004010\
ST*820*0001\
BPR*C*7989.73*C*ACH*CTX*****1657777777**01*148529553*DA*92283334*20120531\
TRN*1*12053011440000192\
N1*PR*YOUR COMPANY*91*227777777\
N1*PE*WALMART\
ENT*1\
RMR*IV*7321239**953.19\
REF*PO*24305\
RMR*IV*7321511**7036.54\
REF*PO*24333\
SE*11*0001\
GE*1*1\
IEA*1*000000001\